
% Journals

% First the Full Name is given, then the abbreviation used in the AMS Math
% Reviews, with an indication if it could not be found there.
% Note the 2nd overwrites the 1st, so swap them if you want the full name.

 %{AMS}
 @String{AMSTrans = "American Mathematical Society Translations" }
 @String{AMSTrans = "Amer. Math. Soc. Transl." }
 @String{BullAMS = "Bulletin of the American Mathematical Society" }
 @String{BullAMS = "Bull. Amer. Math. Soc." }
 @String{ProcAMS = "Proceedings of the American Mathematical Society" }
 @String{ProcAMS = "Proc. Amer. Math. Soc." }
 @String{TransAMS = "Transactions of the American Mathematical Society" }
 @String{TransAMS = "Trans. Amer. Math. Soc." }

 %ACM
 @String{CACM = "Communications of the {ACM}" }
 @String{CACM = "Commun. {ACM}" }
 @String{CompServ = "Comput. Surveys" }
 @String{JACM = "J. ACM" }
 @String{ACMMathSoft = "{ACM} Transactions on Mathematical Software" }
 @String{ACMMathSoft = "{ACM} Trans. Math. Software" }
 @String{SIGNUM = "{ACM} {SIGNUM} Newsletter" }
 @String{SIGNUM = "{ACM} {SIGNUM} Newslett." }

 @String{AmerSocio = "American Journal of Sociology" }
 @String{AmerStatAssoc = "Journal of the American Statistical Association" }
 @String{AmerStatAssoc = "J. Amer. Statist. Assoc." }
 @String{ApplMathComp = "Applied Mathematics and Computation" }
 @String{ApplMathComp = "Appl. Math. Comput." }
 @String{AmerMathMonthly = "American Mathematical Monthly" }
 @String{AmerMathMonthly = "Amer. Math. Monthly" }
 @String{BIT = "{BIT}" }
 @String{BritStatPsych = "British Journal of Mathematical and Statistical
          Psychology" }
 @String{BritStatPsych = "Brit. J. Math. Statist. Psych." }
 @String{CanMathBull = "Canadian Mathematical Bulletin" }
 @String{CanMathBull = "Canad. Math. Bull." }
 @String{CompApplMath = "Journal of Computational and Applied Mathematics" }
 @String{CompApplMath = "J. Comput. Appl. Math." }
 @String{CompPhys = "Journal of Computational Physics" }
 @String{CompPhys = "J. Comput. Phys." }
 @String{CompStruct = "Computers and Structures" }
 @String{CompStruct = "Comput. \& Structures" }
 @String{CompJour = "The Computer Journal" }
 @String{CompJour = "Comput. J." }
 @String{CompSysSci = "Journal of Computer and System Sciences" }
 @String{CompSysSci = "J. Comput. System Sci." }
 @String{Computing = "Computing" }
 @String{ContempMath = "Contemporary Mathematics" }
 @String{ContempMath = "Contemp. Math." }
 @String{Crelle = "Crelle's Journal" }
 @String{GiornaleMath = "Giornale di Mathematiche" }
 @String{GiornaleMath = "Giorn. Mat." } % didn't find in AMS MR., ibid.

 %IEEE
 @String{Computer = "{IEEE} Computer" }
 @String{IEEETransComp = "{IEEE} Transactions on Computers" }
 @String{IEEETransComp = "{IEEE} Trans. Comput." }
 @String{IEEETransAC = "{IEEE} Transactions on Automatic Control" }
 @String{IEEETransAC = "{IEEE} Trans. Automat. Control" }
 @String{IEEESpec = "{IEEE} Spectrum" } % didn't find in AMS MR
 @String{ProcIEEE = "Proceedings of the {IEEE}" }
 @String{ProcIEEE = "Proc. {IEEE}" } % didn't find in AMS MR
 @String{IEEETransAeroElec = "{IEEE} Transactions on Aerospace and Electronic
     Systems" }
 @String{IEEETransAeroElec = "{IEEE} Trans. Aerospace Electron. Systems" }

 @String{IMANumerAna = "{IMA} Journal of Numerical Analysis" }
 @String{IMANumerAna = "{IMA} J. Numer. Anal." }
 @String{InfProcLet = "Information Processing Letters" }
 @String{InfProcLet = "Inform. Process. Lett." }
 @String{InstMathApp = "Journal of the Institute of Mathematics and
     its Applications" }
 @String{InstMathApp = "J. Inst. Math. Appl." }
 @String{IntControl = "International Journal of Control" }
 @String{IntControl = "Internat. J. Control" }
 @String{IntNumerEng = "International Journal for Numerical Methods in
     Engineering" }
 @String{IntNumerEng = "Internat. J. Numer. Methods Engrg." }
 @String{IntSuper = "International Journal of Supercomputing Applications" }
 @String{IntSuper = "Internat. J. Supercomputing Applic." } % didn't find
%% in AMS MR
 @String{Kibernetika = "Kibernetika" }
 @String{JResNatBurStand = "Journal of Research of the National Bureau
     of Standards" }
 @String{JResNatBurStand = "J. Res. Nat. Bur. Standards" }
 @String{LinAlgApp = "Linear Algebra and its Applications" }
 @String{LinAlgApp = "Linear Algebra Appl." }
 @String{MathAnaAppl = "Journal of Mathematical Analysis and Applications" }
 @String{MathAnaAppl = "J. Math. Anal. Appl." }
 @String{MathAnnalen = "Mathematische Annalen" }
 @String{MathAnnalen = "Math. Ann." }
 @String{MathPhys = "Journal of Mathematical Physics" }
 @String{MathPhys = "J. Math. Phys." }
 @String{MathComp = "Mathematics of Computation" }
 @String{MathComp = "Math. Comp." }
 @String{MathScand = "Mathematica Scandinavica" }
 @String{MathScand = "Math. Scand." }
 @String{TablesAidsComp = "Mathematical Tables and Other Aids to Computation" }
 @String{TablesAidsComp = "Math. Tables Aids Comput." }
 @String{NumerMath = "Numerische Mathematik" }
 @String{NumerMath = "Numer. Math." }
 @String{PacificMath = "Pacific Journal of Mathematics" }
 @String{PacificMath = "Pacific J. Math." }
 @String{ParDistComp = "Journal of Parallel and Distributed Computing" }
 @String{ParDistComp = "J. Parallel and Distrib. Comput." } % didn't find
%% in AMS MR
 @String{ParComputing = "Parallel Computing" }
 @String{ParComputing = "Parallel Comput." }
 @String{PhilMag = "Philosophical Magazine" }
 @String{PhilMag = "Philos. Mag." }
 @String{ProcNAS = "Proceedings of the National Academy of Sciences
                    of the USA" }
 @String{ProcNAS = "Proc. Nat. Acad. Sci. U. S. A." }
 @String{Psychometrika = "Psychometrika" }
 @String{QuartMath = "Quarterly Journal of Mathematics, Oxford, Series (2)" }
 @String{QuartMath = "Quart. J. Math. Oxford Ser. (2)" }
 @String{QuartApplMath = "Quarterly of Applied Mathematics" }
 @String{QuartApplMath = "Quart. Appl. Math." }
 @String{RevueInstStat = "Review of the International Statisical Institute" }
 @String{RevueInstStat = "Rev. Inst. Internat. Statist." }

 %SIAM
 @String{JSIAM = "Journal of the Society for Industrial and Applied
     Mathematics" }
 @String{JSIAM = "J. Soc. Indust. Appl. Math." }
 @String{JSIAMB = "Journal of the Society for Industrial and Applied
     Mathematics, Series B, Numerical Analysis" }
 @String{JSIAMB = "J. Soc. Indust. Appl. Math. Ser. B Numer. Anal." }
 @String{SIAMAlgMeth = "{SIAM} Journal on Algebraic and Discrete Methods" }
 @String{SIAMAlgMeth = "{SIAM} J. Algebraic Discrete Methods" }
 @String{SIAMAppMath = "{SIAM} Journal on Applied Mathematics" }
 @String{SIAMAppMath = "{SIAM} J. Appl. Math." }
 @String{SIAMComp = "{SIAM} Journal on Computing" }
 @String{SIAMComp = "{SIAM} J. Comput." }
 @String{SIAMMatrix = "{SIAM} Journal on Matrix Analysis and Applications" }
 @String{SIAMMatrix = "{SIAM} J. Matrix Anal. Appl." }
 @String{SIAMNumAnal = "{SIAM} Journal on Numerical Analysis" }
 @String{SIAMNumAnal = "{SIAM} J. Numer. Anal." }
 @String{SIAMReview = "{SIAM} Review" }
 @String{SIAMReview = "{SIAM} Rev." }
 @String{SIAMSciStat = "{SIAM} Journal on Scientific and Statistical
     Computing" }
 @String{SIAMSciStat = "{SIAM} J. Sci. Statist. Comput." }

 @String{SoftPracExp = "Software Practice and Experience" }
 @String{SoftPracExp = "Software Prac. Experience" } % didn't find in AMS MR
 @String{StatScience = "Statistical Science" }
 @String{StatScience = "Statist. Sci." }
 @String{Techno = "Technometrics" }
 @String{USSRCompMathPhys = "{USSR} Computational Mathematics and Mathematical
     Physics" }
 @String{USSRCompMathPhys = "{U. S. S. R.} Comput. Math. and Math. Phys." }
 @String{VLSICompSys = "Journal of {VLSI} and Computer Systems" }
 @String{VLSICompSys = "J. {VLSI} Comput. Syst." }
 @String{ZAngewMathMech = "Zeitschrift fur Angewandte Mathematik und
     Mechanik" }
 @String{ZAngewMathMech = "Z. Angew. Math. Mech." }
 @String{ZAngewMathPhys = "Zeitschrift fur Angewandte Mathematik und Physik" }
 @String{ZAngewMathPhys = "Z. Angew. Math. Phys." }

% Publishers % ================================================= |

 @String{Academic = "Academic Press" }
 @String{ACMPress = "{ACM} Press" }
 @String{AdamHilger = "Adam Hilger" }
 @String{AddisonWesley = "Addison-Wesley" }
 @String{AllynBacon = "Allyn and Bacon" }
 @String{AMS = "American Mathematical Society" }
 @String{Birkhauser = "Birkha{\"u}ser" }
 @String{CambridgePress = "Cambridge University Press" }
 @String{Chelsea = "Chelsea" }
 @String{ClaredonPress = "Claredon Press" }
 @String{DoverPub = "Dover Publications" }
 @String{Eyolles = "Eyolles" }
 @String{HoltRinehartWinston = "Holt, Rinehart and Winston" }
 @String{Interscience = "Interscience" }
 @String{JohnsHopkinsPress = "The Johns Hopkins University Press" }
 @String{JohnWileySons = "John Wiley and Sons" }
 @String{Macmillan = "Macmillan" }
 @String{MathWorks = "The Math Works Inc." }
 @String{McGrawHill = "McGraw-Hill" }
 @String{NatBurStd = "National Bureau of Standards" }
 @String{NorthHolland = "North-Holland" }
 @String{OxfordPress = "Oxford University Press" }  %address Oxford or London?
 @String{PergamonPress = "Pergamon Press" }
 @String{PlenumPress = "Plenum Press" }
 @String{PrenticeHall = "Prentice-Hall" }
 @String{SIAMPub = "{SIAM} Publications" }
 @String{Springer = "Springer-Verlag" }
 @String{TexasPress = "University of Texas Press" }
 @String{VanNostrand = "Van Nostrand" }
 @String{WHFreeman = "W. H. Freeman and Co." }

%Entries

@inproceedings{Yoder1998ArchitecturalPF,
  title={Architectural Patterns for Enabling Application Security},
  author={Joseph W. Yoder and Jeffrey Barcalow},
  year={1998}
}

@inproceedings{yoder1997,
  title={Architectural patterns for enabling application security},
  author={Yoder, Joseph and Barcalow, Jeffrey},
  booktitle={Proceedings of the 4th Conference on Patterns Language of Programming (PLoPâ€™97)},
  volume={2},
  year={1997},
  organization={Citeseer}
}

@article{meyer1992applying,
  title={Applying'design by contract'},
  author={Meyer, Bertrand},
  journal={Computer},
  volume={25},
  number={10},
  pages={40--51},
  year={1992},
  publisher={IEEE}
}

@inproceedings{washizaki2018taxonomy,
  title={Taxonomy and Literature Survey of Security Pattern Research},
  author={Washizaki, Hironori and Xia, Tian and Kamata, Natsumi and Fukazawa, Yoshiaki and Kanuka, Hideyuki and Yamaoto, Dan and Yoshino, Masayuki and Okubo, Takao and Ogata, Shinpei and Kaiya, Haruhiko and others},
  booktitle={2018 IEEE Conference on Application, Information and Network Security (AINS)},
  pages={87--92},
  year={2018},
  organization={IEEE}
}

@inproceedings{cheng2019,
  title={Security Patterns for Automotive Systems},
  author={Cheng, Betty HC and Doherty, Bradley and Polanco, Nick and Pasco, Matthew},
  booktitle={2019 ACM/IEEE 22nd International Conference on Model Driven Engineering Languages and Systems Companion (MODELS-C)},
  pages={54--63},
  year={2019},
  organization={IEEE}
}

@book{gamma1995,
  title={Design patterns: elements of reusable object-oriented software},
  author={Gamma, Erich},
  year={1995},
  publisher={Pearson Education India}
}

@book{fernandez2013,
  title={Security patterns in practice: designing secure architectures using software patterns},
  author={Fernandez-Buglioni, Eduardo},
  year={2013},
  publisher={John Wiley \& Sons}
}

@article{yoshioka2008,
  title={A survey on security patterns},
  author={Yoshioka, Nobukazu and Washizaki, Hironori and Maruyama, Katsuhisa},
  journal={Progress in informatics},
  volume={5},
  number={5},
  pages={35--47},
  year={2008}
}

@inproceedings{behrens2018,
  title={What are Security Patterns? A Formal Model for Security and Design of Software},
  author={Behrens, Anika},
  booktitle={Proceedings of the 13th International Conference on Availability, Reliability and Security},
  pages={1--6},
  year={2018}
}

@techreport{daSilva2013,
  title={An approach to formalise security patterns},
  author={da Silva J{\'u}nior, Luis S{\'e}rgio and Gu{\'e}h{\'e}neuc, Yaan-Gael and Mullins, John},
  year={2013},
  institution={Citeseer}
}

@article{mouelhi2019,
  title={Predictive Formal Analysis of Resilience in Cyber-Physical Systems},
  author={Mouelhi, Sebti and Laarouchi, Mohamed-Emine and Cancila, Daniela and Chaouchi, Hakima},
  journal={IEEE Access},
  volume={7},
  pages={33741--33758},
  year={2019},
  publisher={IEEE}
}

@article{beugnard1999,
  title={Making components contract aware},
  author={Beugnard, Antoine and J{\'e}z{\'e}quel, J-M and Plouzeau, No{\"e}l and Watkins, Damien},
  journal={Computer},
  volume={32},
  number={7},
  pages={38--45},
  year={1999},
  publisher={IEEE}
}

@article{karaorman2005,
  title={jcontractor: Introducing design-by-contract to java using reflective bytecode instrumentation},
  author={Karaorman, Murat and Abercrombie, Parker},
  journal={Formal Methods in System Design},
  volume={27},
  number={3},
  pages={275--312},
  year={2005},
  publisher={Springer}
}


@article{cok2014,
  title={OpenJML: software verification for Java 7 using JML, OpenJDK, and Eclipse},
  author={Cok, David R},
  journal={arXiv preprint arXiv:1404.6608},
  year={2014}
}

@article{leavens2006,
  title={Preliminary design of JML: A behavioral interface specification language for Java},
  author={Leavens, Gary T and Baker, Albert L and Ruby, Clyde},
  journal={ACM SIGSOFT Software Engineering Notes},
  volume={31},
  number={3},
  pages={1--38},
  year={2006},
  publisher={ACM New York, NY, USA}
}

@inproceedings{hallstrom2004,
  title={Monitoring design pattern contracts},
  author={Hallstrom, Jason O and Soundarajan, Neelam and Tyler, Benjamin},
  booktitle={Proc. of the FSE-12 Workshop on Specification and Verification of Component-Based Systems},
  pages={87--94},
  year={2004}
}

@online{PAMELAWebSite,
  author = {Openflexo team},
  title = {{PAMELA} modelling framework},
  year = 2020,
  url = {https://pamela.openflexo.org},
  urldate = {2020-05-01}
}

@article{alferez2014dynamic,
  title={Dynamic adaptation of service compositions with variability models},
  author={Alf{\'e}rez, Germ{\'a}n H and Pelechano, Vicente and Mazo, Ra{\'u}l and Salinesi, Camille and Diaz, Daniel},
  journal={Journal of Systems and Software},
  volume={91},
  pages={24--47},
  year={2014},
  publisher={Elsevier}
}

@article{souag2016reusable,
  title={Reusable knowledge in security requirements engineering: a systematic mapping study},
  author={Souag, Amina and Mazo, Ra{\'u}l and Salinesi, Camille and Comyn-Wattiau, Isabelle},
  journal={Requirements Engineering},
  volume={21},
  number={2},
  pages={251--283},
  year={2016},
  publisher={Springer}
}

@article{mazo2020RSTemplate,
  title={Towards a new template for the specification of requirements in semi-structured natural language},
  author={Mazo, Ra{\'u}l and Jaramillo, Carlos and Vallejo, Paola and Medina, Jhon},
  journal={Journal of Software Engineering Research and Development},
  volume={8},
  pages={3--1},
  year={2020}
}

@article{souag2018Amanda,
  title={Using the AMAN-DA method to generate security requirements: a case study in the maritime domain},
  author={Souag, Amina and Mazo, Ra{\'u}l and Salinesi, Camille and Comyn-Wattiau, Isabelle},
  journal={Requirements Engineering},
  volume={23},
  number={4},
  pages={557--580},
  year={2018},
  publisher={Springer}
}

@inproceedings{sun2020domain,
  title={A Domain-specific Modeling Framework for Attack Surface Modeling},
  author={Sun, Tithnara and Drouot, Bastien and Golra, Fahad and Champeau, Jo{\"e}l and Guerin, Sylvain and Le Roux, Luka and Mazo, Ra{\'u}l and Teodorov, Ciprian and Aertryck, Lionel and Hostis, Bernard},
  booktitle={International Conference on Information Systems Security and Privacy},
  year={2020}
}

@inproceedings{mazo2016framework,
  title={Framework for Engineering Complex Security Requirements Patterns},
  author={Mazo, Ra{\'u}l and Feltus, Christophe},
  booktitle={2016 6th International Conference on IT Convergence and Security (ICITCS)},
  pages={1--5},
  year={2016},
  organization={IEEE}
}